

@article {Banerjee2008,
	author = {Banerjee, Sudipto and Gelfand, Alan E. and Finley, Andrew O. and Sang, Huiyan},
	title = {Gaussian predictive process models for large spatial data sets},
	journal = {Journal of the Royal Statistical Society: Series B (Statistical Methodology)},
	volume = {70},
	number = {4},
	publisher = {Blackwell Publishing Ltd},
	issn = {1467-9868},
	url = {http://dx.doi.org/10.1111/j.1467-9868.2008.00663.x},
	doi = {10.1111/j.1467-9868.2008.00663.x},
	pages = {825--848},
	keywords = {Co-regionalization, Gaussian processes, Hierarchical modelling, Kriging, 	
				Markov chain Monte Carlo methods, Multivariate spatial processes, 
				Space¨Ctime processes},
	year = {2008},
}


@book{Fieller2015,
   title =     {Basics of Matrix Algebra for Statistics with R},
   author =    {Nick Fieller},
   publisher = {Chapman and Hall/CRC},
   isbn =      {1498712363,9781498712361},
   year =      {2015},
   series =    {Chapman & Hall/CRC The R Series},
   edition =   {}
   }

@book{McCullagh1989,
   title =     {Generalized Linear Models},
   author =    {P. McCullagh, J. A. Nelder FRS},
   publisher = {Springer US},
   isbn =      {978-0-412-31760-6,978-1-4899-3242-6},
   year =      {1989},
   series =    {Monographs on Statistics and Applied Probability},
   edition =   {}
   }

@Book{Diggle2007,
	title = {Model-based Geostatistics},
	author = {Peter J. Diggle and Paulo J. {Ribeiro Jr} },
	year = {2007},
	publisher = {Springer-Verlag New York},
	isbn = {978-1-4419-2193-2},
}
@book{Waller2004,
   title =     {Applied Spatial Analysis of Public Health Data (Wiley Series in Probability and Statistics)},
   author =    {Lance A. Waller, Carol A. Gotway},
   publisher = {Wiley-Interscience},
   isbn =      {9780471387718,0-471-38771-1},
   year =      {2004},
   series =    {},
   edition =   {1}
   }
@book{Blangiardo2015,
   title =     {Spatial and Spatio-temporal Bayesian Models with R-INLA},
   author =    {Marta Blangiardo, Michela Cameletti},
   publisher = {Wiley},
   isbn =      {1118326555, 9781118326558},
   year =      {2015}
}
@book{Banerjee2015,
   title =     {Hierarchical Modeling and Analysis for Spatial Data, Second Edition},
   author =    {Banerjee, Sudipto; Carlin, Bradley P.; Gelfand, Alan E},
   publisher = {CRC Press},
   isbn =      {978-1-4398-1918-0,1439819181},
   year =      {2015},
   series =    {Chapman & Hall/CRC Monographs on Statistics & Applied Probability},
   edition =   {2ed.}
   }
@book{Dobson1983,
   title =     {Introduction to Statistical Modelling},
   author =    {Annette J. Dobson},
   publisher = {Springer US},
   isbn =      {978-0-412-24860-3,978-1-4899-3174-0},
   year =      {1983},
   edition =   {1}
   }
@Book{Venables2002,
    title = {Modern Applied Statistics with S},
    author = {W. N. Venables and B. D. Ripley},
    publisher = {Springer},
    edition = {Fourth},
    address = {New York},
    year = {2002},
    note = {ISBN 0-387-95457-0},
    url = {http://www.stats.ox.ac.uk/pub/MASS4},
  }
 
@book{Pinheiro2000,
   title =     {Mixed-effects models in S and S-PLUS},
   author =    {Jose C. Pinheiro, Douglas M. Bates},
   publisher = {Springer},
   isbn =      {9780387989570,0-3879-8957-9},
   year =      {2000},
   series =    {Statistics and computing},
   edition =   {1}
   }   


@article {Diggle2002,
	author = {Diggle, Peter and Moyeed, Rana and Rowlingson, Barry and Thomson, Madeleine},
	title = {Childhood malaria in the Gambia: a case-study in model-based geostatistics},
	journal = {Journal of the Royal Statistical Society: Series C (Applied Statistics)},
	volume = {51},
	number = {4},
	publisher = {Blackwell Publishers},
	issn = {1467-9876},
	url = {http://dx.doi.org/10.1111/1467-9876.00283},
	doi = {10.1111/1467-9876.00283},
	pages = {493--506},
	year = {2002}
}

@article{Christensen2004,
	title={Monte Carlo Maximum Likelihood in Model-Based Geostatistics},
	author={Ole F Christensen},
	journal={Journal of Computational and Graphical Statistics},
	volume = {13},
	number = {3},
	pages = {702--718},
	year={2004}
} 
@article{Diggle2007a,
	author = {P. J. Diggle, M. C. Thomson and O. F. Christensen},
	title = {Spatial modelling and the prediction of Loa loa risk: decision making under uncertainty},
	journal = {Annals of Tropical Medicine and Parasitology},
	volume = {101},
	number = {6},
	pages = {499--509},
	year = {2007}
	}   
  
@article {Rue2009,
	author = {Rue, Havard and Martino, Sara and Chopin, Nicolas},
	title = {Approximate Bayesian inference for latent Gaussian models by using integrated nested Laplace approximations},
	journal = {Journal of the Royal Statistical Society: Series B (Statistical Methodology)},
	volume = {71},
	number = {2},
	issn = {1467-9868},
	pages = {319--392},
	year = {2009}
}

@Article{Hosseini2016,
	author="Hosseini, Fatemeh",
	title="A new algorithm for estimating the parameters of the spatial generalized linear mixed models",
	journal="Environmental and Ecological Statistics",
	year="2016",
	volume="23",
	number="2",
	pages="205--217",
	doi="10.1007/s10651-015-0335-6"
}
@article{Crainiceanu2008,
	author = {Ciprian M Crainiceanu and Peter J Diggle and Barry Rowlingson},
	title = {Bivariate Binomial Spatial Modeling of Loa loa Prevalence in Tropical Africa},
	journal = {Journal of the American Statistical Association},
	volume = {103},
	number = {481},
	pages = {21-37},
	year = {2008},
	doi = {10.1198/016214507000001409}
}

@article{Diggle2016,
	author = {Peter J. Diggle and Emanuele Giorgi},
	title = {Model-Based Geostatistics for Prevalence Mapping in Low-Resource Settings},
	journal = {Journal of the American Statistical Association},
	volume = {111},
	number = {515},
	pages = {1096-1120},
	year = {2016},
	doi = {10.1080/01621459.2015.1123158}
}



@article {Diggle1998,
	author = {Diggle, P. J. and Tawn, J. A. and Moyeed, R. A.},
	title = {Model-based geostatistics},
	journal = {Journal of the Royal Statistical Society: Series C (Applied Statistics)},
	volume = {47},
	number = {3},
	publisher = {Blackwell Publishers Ltd.},
	issn = {1467-9876},
	url = {http://dx.doi.org/10.1111/1467-9876.00113},
	doi = {10.1111/1467-9876.00113},
	pages = {299--350},
	keywords = {Generalized linear mixed model, Geostatistics, Kriging, 
				Markov chain Monte Carlo method, Spatial prediction},
	year = {1998},
}










@Manual{R-geoR,
  title = {geoR: Analysis of Geostatistical Data},
  author = {Paulo J. {Ribeiro Jr} and Peter J. Diggle},
  year = {2016},
  note = {R package version 1.7-5.2},
  url = {https://CRAN.R-project.org/package=geoR},
}
@Manual{R-geoRglm,
  title = {geoRglm: A Package for Generalised Linear Spatial Models},
  author = {Ole F. Christensen and Paulo J. {Ribeiro Jr}},
  year = {2015},
  note = {R package version 0.9-8},
  url = {https://CRAN.R-project.org/package=geoRglm},
}
@Manual{R-INLA,
  title = {INLA: Functions which Allow to Perform Full Bayesian Analysis of
			Latent Gaussian Models using Integrated Nested Laplace Approximations},
  author = {Havard Rue , Sara Martino , Finn Lindgren , Daniel Simpson , Andrea Riebler , 	
			Elias Teixeira Krainski and Geir-Arne Fuglstad},
  year = {2016},
  note = {R package version 0.0-1468872408},
}
@Manual{R-lme4,
  title = {lme4: Linear Mixed-Effects Models using 'Eigen' and S4},
  author = {Douglas Bates and Martin Maechler and Ben Bolker and Steven Walker},
  year = {2016},
  note = {R package version 1.1-12},
  url = {https://CRAN.R-project.org/package=lme4},
}
@Manual{R-nlme,
  title = {nlme: Linear and Nonlinear Mixed Effects Models},
  author = {Jos¨¦ Pinheiro and Douglas Bates and {R-core}},
  year = {2016},
  note = {R package version 3.1-128},
  url = {https://CRAN.R-project.org/package=nlme},
}
@Manual{R-PrevMap,
  title = {PrevMap: Geostatistical Modelling of Spatially Referenced Prevalence Data},
  author = {Emanuele Giorgi and Peter J. Diggle},
  year = {2016},
  note = {R package version 1.4},
  url = {https://CRAN.R-project.org/package=PrevMap},
}
@Manual{R-spatial,
  title = {spatial: Functions for Kriging and Point Pattern Analysis},
  author = {Brian Ripley},
  year = {2015},
  note = {R package version 7.3-11},
  url = {https://CRAN.R-project.org/package=spatial},
}
