@online {guowei2019ucasbeamer,
  author = {陈国威},
  title  = {中国科学院大学 Beamer (\LaTeX{})},
  month  = {11},
  year   = {2019},
  url    = {https://github.com/icgw/ucas-beamer},
  note   = {非官方的模版}
}

@misc {tantau2004user,
  title     = {User Guide to the Beamer Class},
  author    = {Tantau, Till and Wright, J and Miletic, V},
  year      = {2004},
  publisher = {Version}
}
